@book{fadini,
    title={Schwingungsspektroskopie Methoden, Anwendungen},
    author={Alois Fadini, Frank-Michael Schnepel},
    year={\textbf{1985}},
    publisher={George Thieme Verlag},
      address= {Stuttgart}
}
