@book{harris,
    title={Lehrbuch der quantitativen Analyse},
    author={Daniel Harris},
    year={2010},
    publisher={Springer Verlag},
    address={Berlin}
}

@misc{og,
  title={Organische Chemie},
  author = {Tanja Schirmeister, Carsten Schmuck, Peter Wich},
    year={2016},
    publisher={Hirzel Verlag},
    address={Stuttgart}
}
@book{crc,
    title={CRC Handbook of Chemistry and Physics},
    author={David R. Lide},
    year={\textbf{2007}},
    publisher={CRC Press},
    address= {Boca Raton}
}
@book{coulson,
    title={Coulsons Chemische Bindung},
    author={Roy McWeeny},
    year={\textbf{2007}},
    edition={2.},
    publisher={CRC Press},
    address= {Boca Raton}
}
@misc{skript,
    title     = "Das Praktikumskript - Computer Chemie ",
  }
@misc{ciselec,
	title= "Elec Spec Ethylene, 1,2-dichloro-, (Z)-",
    howpublished= "\url{http://webbook.nist.gov/cgi/cbook.cgi?ID=C156592}"
  }

@misc{cisir,
	title= "Elec Spec Ethylene, 1,2-dichloro-, (E)-",
    howpublished     = {\url{http://webbook.nist.gov/cgi/cbook.cgi?ID=C156592}},
  }


@misc{transelec,
	title= "IR Spec Ethylene, 1,2-dichloro-, (Z)-",
    howpublished     = {\url{http://webbook.nist.gov/cgi/cbook.cgi?ID=C156592}},
  }

@misc{transir,
	title= "IR Spec Ethylene, 1,2-dichloro-, (E)-",
     howpublished={\url{http://webbook.nist.gov/cgi/cbook.cgi?ID=C156592}},
  }






@book{holleman,
    title={Lehrbuch der Anorganischen Chemie},
    author={Arnold F. Holleman, Nils Wiberg},
    year={\textbf{2007}},
   publisher={Walter de Gruyter},
    address={Berlin}
    }
@book{ritaatom,
    title={Atomic and Molecular Spectroscopy},
    author={Rita Kakkar},
    year={\textbf{2015}},
   publisher={Cambridge University Press},
    address={Cambridge}
    }


@book{wiberg,
    author={N. Holleman, N Wiberg},
    title={Lehrbuch der anorganischen Chemie},
    year={\textbf{2007}},
    publisher={DeGruyter},
    address= {Berlin}
}


@book{atkins,
    author={Peter W. Atkins},
    title={Lehrbuch der physikalischen Chemie},
    year={\textbf{2006}},
    publisher={Wiley-VCH},
    address= {Zurich}
}

@book{riedel,
    author={Erwin. Riedel},
    title={Anorganische Chemie},
    year={\textbf{1999}},
    publisher={DeGruyter},
    address= {Berlin}
}

@book{zeeh,
    author={Manfred Hesse, Herbert Meier, Bernd Zeeh},
    title={Spektroskopische Methoden in der organischen Chemie},
    year={\textbf{2005}},
    publisher={DeGruyter},
    address= {Berlin}
}

