@book{harris,
    title={Lehrbuch der quantitativen Analyse},
    author={Daniel Harris},
    year={2010},
    publisher={Springer Verlag},
    address={Berlin}
}

@misc{og,
  title={Organische Chemie},
  author = {Tanja Schirmeister, Carsten Schmuck, Peter Wich},
    year={2016},
    publisher={Hirzel Verlag},
    address={Stuttgart}
}
@book{crc,
    title={CRC Handbook of Chemistry and Physics},
    author={David R. Lide},
    year={\textbf{2007}},
    publisher={CRC Press},
    address= {Boca Raton}
}
@book{coulson,
    title={Coulsons Chemische Bindung},
    author={Roy McWeeny},
    year={\textbf{2007}},
    edition={2.},
    publisher={CRC Press},
    address= {Boca Raton}
}
@misc{skript,
    title     = "Das Praktikumskript - Computer Chemie ",
  }
@misc{cisvib,
  author = {NIST},
  title = {Electronic-Spec Ethylene,1,2-dichloro-,(Z)-},
  year = 2015,
  howpublished ="\url{http://webbook.nist.gov/cgi/cbook.cgi?ID=C156592}",
  urldate = {2016-12-23}
}
@misc{transvib,
  author = {NIST},
  title = {Electronic-Spec Ethylene,1,2-dichloro-,(E)-},
  year = 2015,
  howpublished ="\url{http://webbook.nist.gov/cgi/cbook.cgi?ID=C156605}",
  urldate = {2016-12-23}
}
@misc{cisir,
  author = {NIST},
  title = {IR Spec,1,2-dichloro-,(Z)-},
  year = 2015,
  howpublished ="\url{http://webbook.nist.gov/cgi/cbook.cgi?ID=C156592}",
  urldate = {2016-12-23}
}
@misc{transir,
  author = {NIST},
  title = {IR Spec,Ethylene,1,2-dichloro-,(E)-},
  year = 2015,
  howpublished ="\url{http://webbook.nist.gov/cgi/cbook.cgi?ID=C156605}",
  urldate = {2016-12-23}
}

@book{holleman,
    title={Lehrbuch der Anorganischen Chemie},
    author={Arnold F. Holleman, Nils Wiberg},
    year={\textbf{2007}},
   publisher={Walter de Gruyter},
    address={Berlin}
    }
