@book{harris,
    title={Lehrbuch der quantitativen Analyse},
    author={Daniel Harris},
    year={2010},
    publisher={Springer Verlag},
    address={Berlin}
}

@misc{og,
  title={Organische Chemie},
  author = {Tanja Schirmeister, Carsten Schmuck, Peter Wich},
    year={2016},
    publisher={Hirzel Verlag},
    address={Stuttgart}
}
@book{crc,
    title={CRC Handbook of Chemistry and Physics},
    author={David R. Lide},
    year={2007},
    publisher={CRC Press},
    address= {Boca Raton}
}

@misc{skript,
    title     = "Das Praktikumskript - Fluoreszenz ",
  }
@misc{techno,
    title     = "Das Technische Chemie Skript - Fluoreszenz ",
  }
@misc{edin,
    title     = "FS5 Spectrofluorometer",
  howpublished = "\url{https://www.edinst.com/products/fs5-spectrofluorometer/}",
  }

