@book{troillot,
    title={Silencing the Past. Power and the Production of History},
    author={Michel-Rolph Trouillot},
    year={1995},
    publisher={Beacon Press},
    address={Boston} 
}

@book{lohman,
    title={Schöne Neue Bildung? Zur Kritik der Universität der Gegenwart},
    author={Ingrid Lohman and Herausgeber\_innen und Organisator\_innen der Konferenz und des Sammelbandes},
    year={2011},
    publisher={transkript},
    address={Bielefeld} 
}

@book{derrida,
    title={Die unbedingte Universität},
    author={Jacques Derrida},
    year={2001},
    publisher={Suhrkamp Verlag},
    address={Frankfurt am Main} 
}
@book{nida,
    title={Der Akademisierungswahn. Zur Krise beruflicher und akademischer Bildung},
    author={Julian Nida-Rümelin},
    year={2014},
    publisher={Ed. Körber Stiftung},
    address={Hamburg} 
}
@book{foucault,
    title={Sexualität und Wahrheit. Bd. 2 Der Gebrauch der Lüste},
    author={Michel Foucault},
    year={1986},
    publisher={Suhrkamp Verlag},
    address={Frankfurt am Main} 
}
@book{foucinterview,
    title={Der Mensch ist ein Erfahrungstier. Gespräch mit Ducio Trombardio},
    author={Michel Foucault},
    year={1996},
    publisher={Suhrkamp Verlag},
    address={Frankfurt am Main}, 
    note = "S. 27"
}


@incollection{haiti,
    booktitle={Silencing the Past. Power and the Production of History},
    author={Michel-Rolph Trouillot},
    year={1995},
    publisher={Beacon Press},
    address={Boston}, 
    editor={Michel-Rolph Trouillot},
   title={The Haitian Revolution as a Non-Event},
}

@incollection{masken,
    booktitle={Mythen, Masken und Subjekte},
    author={Nicola Lauré al Samaray},
    year={2005},
    publisher={Unrast Verlag},
    address={Münster}, 
    editor={ Susan Arndt and Maureen Maisha Eggers and Grada Kilomba and Peggy Piesche},
   title={Inspirited Topography: Über/Lebensräume, Heim-Suchungen und die Verortung der Erfahrung in Schwarzen deutschen Kultur- und Wissenstraditionen},
}

@incollection{lucyna,
    booktitle={Hochschule als transkultureller Raum? Kultur, Bildung und Differenz in der Universität},
    editor={Ingrid Lohman et al.},
    year={2011},
    publisher={transkript},
    address={Bielefeld} ,
    author={Lucyna Darowska and Claudia Machold},
    title={Hochschule als transkultureller Raum unter den Bedingungen von Internationalisierung und Migration. Eine Annäherung}
}

@incollection{lohmein,
    booktitle={Schöne Neue Bildung? Zur Kritik der Universität der Gegenwart},
    editor={Ingrid Lohman et al.},
    year={2011},
    publisher={transkript},
    address={Bielefeld} ,
    author={Ingrid Lohman},
    title={Einleitung}
}
@incollection{metcheril,
    booktitle={Schöne Neue Bildung? Zur Kritik der Universität der Gegenwart},
    editor={Ingrid Lohman et al.},
    year={2011},
    publisher={transkript},
    address={Bielefeld} ,
    author={Paul Mecheril und  Birte Klingler},
    title={Universität als transgressive Lebensform. Anmerkungen, die gesellschaftliche Differenz- und Ungleichverhältnisse berücksichten}
}
@incollection{wimmer,
    booktitle={Schöne Neue Bildung? Zur Kritik der Universität der Gegenwart},
    editor={Ingrid Lohman et al.},
    year={2011},
    publisher={transkript},
    address={Bielefeld} ,
    author={Michael Wimmer},
    title={Die Agonalität des Demokratischen und die Aporetik der Bildung. Zwölf Thesen zum Verhältnis zwischen Politik und Pädagogik}
}

@incollection{mecherilmigration,
    booktitle={Migrationsforschung als Kritik? Konturen einer Forschungsperspektive},
    editor={ Paul Mecheril and Oscar Thomas-Olalde and  Claus Melter and
            Susanne Arens and Elisabeth Romaner},
    year={2013},
    publisher={Springer Fachmedien},
    address={Wiesbaden} ,
    author={Mecheril et al.},
    title={Einleitung}
}
 
