\begin{thebibliography}{}

{pvp}
Technisches Datenblatt,\url{http://www.dispersions-pigments.basf.com/portal/basf/ide/dt.jsp?setCursor=1_736581}
@book{pvp,
    title={Technisches Datenblatt},
    author={Horst-Dieter Försterling, Hans Kuhn},
    year={\textbf{1971}},
    publisher={BASH},
    url= {\url{http://www.dispersions-pigments.basf.com/portal/basf/ide/dt.jsp?setCursor=1_736581}}
}

@book{macrolactam,
title={Ascomycin from Streptomyces hygroscopicus var. ascomyceticus},
    year={\textbf{2016}},
     publisher={Sigma Aldrich},
    url= {http://www.sigmaaldrich.com/catalog/product/sigma/a3835?lang=de&region=DE}
}

@url{aciditat,
title= {Bordwell pKa Table (Acidity in DMSO)},
url= {http://www.chem.wisc.edu/areas/reich/pkatable/}
}

@book{skript,
    author={Praktikumskript Thermodynamik  },
    title     = {Wärmeflusskalorimeter},
    year={\textbf{2015}},
    address= {Universität Oldenburg}
  }
%https://de.wikipedia.org/wiki/Seide
%Houben-Weyl Methods of Organic Chemistry Vol. E 20, 4th Edition Supplement s.1505
%Houben-Weyl Methods of Organic Chemistry Vol. E 16b, 4th Edition Supplement s.44
\end{thebibliography}