@book{harris,
    title={Lehrbuch der quantitativen Analyse},
    author={Daniel Harris},
    year={2010},
    publisher={Springer Verlag},
    address={Berlin}
}

@misc{og,
  title={Organische Chemie},
  author = {Tanja Schirmeister, Carsten Schmuck, Peter Wich},
    year={2016},
    publisher={Hirzel Verlag},
    address={Stuttgart}
}

@misc{koffeincom,
    url     = "http://koffein.com/kaffee.html",
  }
@misc{statistik,
    url     = "https://www.uni-due.de/imperia/md/content/water-science/ws1314/1351_2661_ws1314_leitfaden_auswertung.pdf",
  }

